<collection xmlns="http://www.loc.gov/MARC21/slim">
<record>
  <leader>01152nam0a22002531i 450 </leader>
  <controlfield tag="001">IT\ICCU\CNCE\061036</controlfield>
  <controlfield tag="005">20171128000000.0</controlfield>
  <datafield tag="012" ind1=" " ind2=" ">
    <subfield code="a">a.i- deli i-d. 2Dle (3) 1563 (R)</subfield>
    <subfield code="2">fei</subfield>
  </datafield>
  <datafield tag="100" ind1=" " ind2=" ">
    <subfield code="a">20050905d1563        0itac0103    ba</subfield>
  </datafield>
  <datafield tag="101" ind1=" " ind2=" ">
    <subfield code="a">LAT</subfield>
  </datafield>
  <datafield tag="102" ind1=" " ind2=" ">
    <subfield code="a">IT</subfield>
  </datafield>
  <datafield tag="200" ind1="1" ind2=" ">
    <subfield code="a">℗D. Nicolai Belloni ... ℗Super vtraque parte institutionum lucubrationes, quarum rubricas, ac titulos, sequens pagina demonstrat</subfield>
  </datafield>
  <datafield tag="210" ind1=" " ind2=" ">
    <subfield code="a">Venetiis</subfield>
    <subfield code="d">1563</subfield>
    <subfield code="e">Venetiis</subfield>
    <subfield code="g">apud Cominum de Tridino Montisferrati</subfield>
    <subfield code="h">1563</subfield>
  </datafield>
  <datafield tag="215" ind1=" " ind2=" ">
    <subfield code="a">185, \19! p.</subfield>
    <subfield code="d"></subfield>
  </datafield>
  <datafield tag="300" ind1=" " ind2=" ">
    <subfield code="a"></subfield>
  </datafield>
  <datafield tag="620" ind1=" " ind2=" ">
    <subfield code="a">IT</subfield>
    <subfield code="d">Venezia</subfield>
  </datafield>
  <datafield tag="700" ind1=" " ind2="1">
    <subfield code="a">Belloni,</subfield>
    <subfield code="b"></subfield>
    <subfield code="3">IT\ICCU\CNCA\001545</subfield>
  </datafield>
  <datafield tag="712" ind1="0" ind2="2">
    <subfield code="a">Comin da Trino</subfield>
    <subfield code="3">IT\ICCU\CNCT\000112</subfield>
    <subfield code="4">650</subfield>
  </datafield>
  <datafield tag="790" ind1=" " ind2="1">
    <subfield code="a">Bellone,</subfield>
    <subfield code="b"></subfield>
    <subfield code="3">IT\ICCU\CNCA\013774</subfield>
    <subfield code="z"></subfield>
  </datafield>
  <datafield tag="790" ind1=" " ind2="1">
    <subfield code="a">Bellonus,</subfield>
    <subfield code="b">Nicolaus</subfield>
    <subfield code="3">IT\ICCU\CNCA\013775</subfield>
    <subfield code="z"></subfield>
  </datafield>
  <datafield tag="791" ind1="0" ind2="2">
    <subfield code="a">Cominus de Tridino</subfield>
    <subfield code="3">IT\ICCU\CNCT\004645</subfield>
    <subfield code="z">Comin da Trino</subfield>
  </datafield>
  <datafield tag="791" ind1="0" ind2="0">
    <subfield code="a">Trino, Comin</subfield>
    <subfield code="3">IT\ICCU\CNCT\004646</subfield>
    <subfield code="z">Comin da Trino</subfield>
  </datafield>
  <datafield tag="801" ind1=" " ind2="3">
    <subfield code="a">IT</subfield>
    <subfield code="b">ICCU</subfield>
    <subfield code="c">20201115</subfield>
  </datafield>
  <datafield tag="899" ind1=" " ind2=" ">
    <subfield code="a">Biblioteca civica Giovanni Canna. Casale Monferrato</subfield>
    <subfield code="1">AL0114</subfield>
    <subfield code="2">TO0 49</subfield>
  </datafield>
</record>
</collection>
